@article{Friedman1979,
author = {Friedman, J.H. and Rafsky, L.C.},
copyright = {Copyright 1979 Institute of Mathematical Statistics},
issn = {0090-5364},
journal = {The Annals of Statistics},
number = {4},
pages = {697-717},
publisher = {Institute of Mathematical Statistics},
title = {Multivariate Generalizations of the Wald-Wolfowitz and Smirnov Two-Sample Tests},
volume = {7},
year = {1979},
}

@article{Biswas2014a,
abstract = {We propose a multivariate generalization of the univariate two-sample run test based on the shortest Hamiltonian path. The proposed test is distribution-free in finite samples. While most existing two-sample tests perform poorly or are even inapplicable to high-dimensional data, our test can be conveniently used in high-dimension, low-sample-size situations. We investigate its power when the sample size remains fixed and the dimension of the data grows to infinity. Simulated and real dataseis demonstrate our method's superiority over existing nonparametric twosample tests.},
author = {Biswas, M. and Mukhopadhyay, M. and Ghosh, A.K.},
address = {Oxford},
copyright = {2014 Biometrika Trust},
issn = {0006-3444},
journal = {Biometrika},
keywords = {Data sampling ; Datasets ; Dimensional analysis ; Gaussian distributions ; High dimensional spaces ; Infinity ; Multivariate analysis ; Perceptual localization ; Probability distribution ; Rank tests ; Sample size ; Sampling distributions ; Simulation ; Statistics ; Studies ; Test methods ; Vertices},
language = {eng},
number = {4},
pages = {913-926},
publisher = {Biometrika Trust, University College London},
title = {A Distribution-free Two-Sample Run Test Applicable to High-dimensional Data},
volume = {101},
year = {2014},
}

@article{Chen2017,
abstract = {Two-sample tests for multivariate data and especially for non-Euclidean data are not well explored. This article presents a novel test statistic based on a similarity graph constructed on the pooled observations from the two samples. It can be applied to multivariate data and non-Euclidean data as long as a dissimilarity measure on the sample space can be defined, which can usually be provided by domain experts. Existing tests based on a similarity graph lack power either for location or for scale alternatives. The new test uses a common pattern that was overlooked previously, and works for both types of alternatives. The test exhibits substantial power gains in simulation studies. Its asymptotic permutation null distribution is derived and shown to work well under finite samples, facilitating its application to large datasets. The new test is illustrated on two applications: The assessment of covariate balance in a matched observational study, and the comparison of network data under different conditions.},
author = {Chen, H. and Friedman, J.H.},
address = {ALEXANDRIA},
copyright = {2017 American Statistical Association 2017},
issn = {0162-1459},
journal = {Journal of the American Statistical Association},
keywords = {Euclidean geometry ; Experts ; General alternatives ; Mathematics ; Multivariate analysis ; Nonparametrics ; Permutation null distribution ; Permutations ; Physical Sciences ; Power ; Science & Technology ; Similarity ; Similarity graph ; Simulation ; Statistical methods ; Statistics & Probability ; Statistics - Methodology ; Theory and Methods},
language = {eng},
number = {517},
pages = {397-409},
publisher = {Taylor & Francis},
title = {A New Graph-Based Two-Sample Test for Multivariate and Object Data},
volume = {112},
year = {2017},
}

@article{Bickel1969,
author = {Bickel, P.J.},
copyright = {Copyright 1969 Institute of Mathematical Statistics},
issn = {0003-4851},
journal = {The Annals of Mathematical Statistics},
keywords = {Average linear density ; Conditional probabilities ; Coordinate systems ; Distribution functions ; Mathematical theorems ; Perceptron convergence procedure ; Probabilities ; Statistical theories ; Stochastic processes},
language = {eng},
number = {1},
pages = {1-23},
publisher = {Institute of Mathematical Statistics},
title = {A Distribution Free Version of the Smirnov Two Sample Test in the p-Variate Case},
volume = {40},
year = {1969},
}

@article{Cao2006,
abstract = {The authors study the problem of testing whether two populations have the same law by comparing kernel estimators of the two density functions. The proposed test statistic is based on a local empirical likelihood approach. They obtain the asymptotic distribution of the test statistic and propose a bootstrap approximation to calibrate the test. A simulation study is carried out in which the proposed method is compared with two competitors, and a procedure to select the bandwidth parameter is studied. The proposed test can be extended to more than two samples and to multivariate distributions. /// Les auteurs s'intéressent au problème de tester l'égalité des lois de deux populations, en comparant des estimateurs à noyaux de leurs densités. La statistique de test proposée est basée sur une approche de vraisemblance empirique locale. La distribution asymptotique de la statistique du test est obtenue et une approximation par bootstrap est proposée aux fins de calibration. Une étude de simulation est effectuée, dans laquelle la méthode proposée est comparée avec deux compétiteurs et une procédure de sélection du paramètre de lissage est étudiée. Le test proposé peut être généralisé à plus de deux échantillons et au cas de distributions multivariées.},
author = {Cao, R. and Van Keilegom, I.},
address = {Hoboken},
copyright = {Copyright 2006 Statistical Society of Canada / Société statistique du Canada},
issn = {0319-5724},
journal = {Canadian Journal of Statistics},
keywords = {Approximation ; Bandwidth selection ; Bandwidth selection; bootstrap ; bootstrap ; Calcium ; comparison of two populations ; Density estimation ; empirical likelihood ; Empirical tests ; Estimating techniques ; Estimation ; Estimators ; hypothesis testing ; kernel method ; local empirical likelihood ; Logical proofs ; Mathematical models ; Mathematics ; Null hypothesis ; P values ; Physical Sciences ; Population density ; Probability ; Sampling distributions ; Science & Technology ; Scientific method ; Significance tests ; Statistical methods ; Statistical models ; Statistics & Probability ; Studies},
language = {eng},
number = {1},
pages = {61-77},
publisher = {Wiley-Blackwell},
title = {Empirical Likelihood Tests for Two-Sample Problems via Nonparametric Density Estimation},
volume = {34},
year = {2006},
}

@article{Henze1988,
author = {Henze, N.},
address = {Hayward, CA},
copyright = {1989 INIST-CNRS},
issn = {0090-5364},
journal = {The Annals of Statistics},
keywords = {Exact sciences and technology ; Mathematics ; Multivariate analysis ; Probability and statistics ; Sciences and techniques of general use ; Statistics},
language = {eng},
number = {2},
pages = {772-783},
publisher = {Institute of Mathematical Statistics},
title = {A Multivariate Two-Sample Test Based on the Number of Nearest Neighbor Type Coincidence},
volume = {16},
year = {1988},
}

@article{Mondal2015,
abstract = {In this article, we propose new multivariate two-sample tests based on nearest neighbor type coincidences. While several existing tests for the multivariate two-sample problem perform poorly for high dimensional data, and many of them are not applicable when the dimension exceeds the sample size, these proposed tests can be conveniently used in the high dimension low sample size (HDLSS) situations. Unlike Schilling (1986) [26] and Henze’s (1988) test based on nearest neighbors, under fairly general conditions, these new tests are found to be consistent in HDLSS asymptotic regime, where the sample size remains fixed and the dimension grows to infinity. Several high dimensional simulated and real data sets are analyzed to compare their empirical performance with some popular two-sample tests available in the literature. We further investigate the behavior of these proposed tests in classical asymptotic regime, where the dimension of the data remains fixed and the sample size tends to infinity. In such cases, they turn out to be asymptotically distribution-free and consistent under general alternatives.},
author = {Mondal, P.K. and Biswas, M. and Ghosh, A.K.},
address = {SAN DIEGO},
copyright = {2015 Elsevier Inc.},
issn = {0047-259X},
journal = {Journal of Multivariate Analysis},
keywords = {Asymptotic methods ; Central limit theorem ; HDLSS data ; Large sample test ; Law of large numbers ; Level and power of a test ; Mathematics ; Multivariate analysis ; Permutation test ; Physical Sciences ; Sample size ; Science & Technology ; Statistics & Probability ; Studies},
language = {eng},
pages = {168-178},
publisher = {Elsevier Inc},
title = {On High Dimensional Two-Sample Tests Based on Nearest Neighbors},
volume = {141},
year = {2015},
}

@article{Schilling1986,
author = {Schilling, M.F.},
address = {Washington},
issn = {0162-1459},
journal = {Journal of the American Statistical Association},
language = {eng},
number = {393},
pages = {799-},
publisher = {American Statistical Association},
title = {Multivariate Two-Sample Tests Based on Nearest Neighbors},
volume = {81},
year = {1986},
}

@article{Barakat1996,
  title={Multivariate Homogeneity Testing using an Extended Concept of Nearest Neighbors},
  author={Barakat, A.S. and Quade, D. and Salama, I.A.},
  journal={Biometrical Journal},
  volume={38},
  number={5},
  pages={605--612},
  year={1996},
  publisher={Wiley Online Library}
}

@article{Chen2013,
  title={Ensemble Subsampling for Imbalanced Multivariate Two-Sample Tests},
  author={Chen, L. and Dou, W.W. and Qiao, Z.},
  journal={Journal of the American Statistical Association},
  volume={108},
  number={504},
  pages={1308--1323},
  year={2013},
  publisher={Taylor \& Francis}
}

@article{Rosenbaum2005,
  title={An Exact Distribution-free Test Comparing Two Multivariate Distributions Based on Adjacency},
  author={Rosenbaum, P.R.},
  journal={Journal of the Royal Statistical Society: Series B (Statistical Methodology)},
  volume={67},
  number={4},
  pages={515--530},
  year={2005},
  publisher={Wiley Online Library}
}

@article{Hall2002,
  title={Permutation Tests for Equality of Distributions in High-dimensional Settings},
  author={Hall, P. and Tajvidi, N.},
  journal={Biometrika},
  volume={89},
  number={2},
  pages={359--374},
  year={2002},
  publisher={Oxford University Press}
}

@article{Baringhaus2004,
  title={On a New Multivariate Two-Sample Test},
  author={Baringhaus, L. and Franz, C.},
  journal={Journal of Multivariate Analysis},
  volume={88},
  number={1},
  pages={190--206},
  year={2004},
  publisher={Elsevier}
}

@article{Szekely2004,
  title={Testing for Equal Distributions in High Dimension},
  author={Sz{\'e}kely, G. and Rizzo, M.L. and others},
  journal={InterStat},
  volume={5},
  number={16.10},
  pages={1249--1272},
  year={2004},
  publisher={Citeseer}
}

@article{Biswas2014b,
  title={A Nonparametric Two-Sample Test Applicable to High Dimensional Data},
  author={Biswas, M. and Ghosh, A.K.},
  journal={Journal of Multivariate Analysis},
  volume={123},
  pages={160--171},
  year={2014},
  publisher={Elsevier}
}

@article{liu2011,
  title={A Triangle Test for Equality of Distribution Functions in High Dimensions},
  author={Liu, Z. and Modarres, R.},
  journal={Journal of Nonparametric Statistics},
  volume={23},
  number={3},
  pages={605--615},
  year={2011},
  publisher={Taylor \& Francis}
}

@article{Anderson1994,
  title={Two-sample Test Statistics for Measuring Discrepancies between Two Multivariate Probability Density Functions using Kernel-Based Density Estimates},
  author={Anderson, N.H. and Hall, P. and Titterington, D. M.},
  journal={Journal of Multivariate Analysis},
  volume={50},
  number={1},
  pages={41--54},
  year={1994},
  publisher={Elsevier}
}

@article{Fernandez2008,
  title={A Test for the Two-Sample Problem based on Empirical Characteristic Functions},
  author={Fern{\'a}ndez, V.A. and Gamero, M.D.J. and Garcia, J.M.},
  journal={Computational Statistics \& Data Analysis},
  volume={52},
  number={7},
  pages={3730--3748},
  year={2008},
  publisher={Elsevier}
}

@article{Aslan2005,
  title={Statistical Energy as a Tool for Binning-free, Multivariate Goodness-of-Fit Tests, Two-Sample Comparison and Unfolding},
  author={Aslan, B. and Zech, G.},
  journal={Nuclear Instruments and Methods in Physics Research Section A: Accelerators, Spectrometers, Detectors and Associated Equipment},
  volume={537},
  number={3},
  pages={626--636},
  year={2005},
  publisher={Elsevier}
}

@article{Gretton2012,
  title={A Kernel Two-Sample Test},
  author={Gretton, A. and Borgwardt, K.M. and Rasch, M.J. and Sch{\"o}lkopf, B> and Smola, A.},
  journal={The Journal of Machine Learning Research},
  volume={13},
  number={1},
  pages={723--773},
  year={2012},
  publisher={JMLR. org}
}

@article{Chen2020,
  title={Kernel Tests For One, Two, and k-Sample Goodness-of-Fit: State of the Art and Implementation Considerations},
  author={Chen, Y. and Markatou, M.},
  journal={Statistical Modeling in Biomedical Research: Contemporary Topics and Voices in the Field},
  pages={309--337},
  year={2020},
  publisher={Springer}
}

@article{Lindsay2008,

author = {Lindsay, B.G. and Markatou, M. and Ray, S. and Yang, K. and Chen, S.-C.},
address = {CLEVELAND},
copyright = {Copyright 2008 The Institute of Mathematical Statistics},
issn = {0090-5364},
journal = {The Annals of Statistics},
number = {2},
pages = {983-1006},
publisher = {Institute of Mathematical Statistics},
title = {Quadratic Distances on Probabilities: A Unified Foundation},
volume = {36},
year = {2008},
}

@article{Lindsay2014,
  title={Kernels, Degrees of Freedom, and Power Properties of Quadratic Distance Goodness-of-Fit Tests},
  author={Lindsay, B.G. and Markatou, M. and Ray, S.},
  journal={Journal of the American Statistical Association},
  volume={109},
  number={505},
  pages={395--410},
  year={2014},
  publisher={Taylor \& Francis}
}

@article{Budka2012,
  title={Density-preserving Sampling: Robust and Efficient Alternative to Cross-Validation for Error Estimation},
  author={Budka, M. and Gabrys, B.},
  journal={IEEE Transactions on Neural Networks and Learning Systems},
  volume={24},
  number={1},
  pages={22--34},
  year={2012},
  publisher={IEEE}
}

@article{Cervellera2017,
  title={Distribution-preserving Stratified Sampling for Learning Problems},
  author={Cervellera, C. and Macci{\`o}, D.},
  journal={IEEE Transactions on Neural Networks and Learning Systems},
  volume={29},
  number={7},
  pages={2886--2895},
  year={2017},
  publisher={IEEE}
}

@article{Azzalini1996,
    author = {Azzalini, A. and Dalla Valle, A.},
    title = "{The Multivariate Skew-Normal Distribution}",
    journal = {Biometrika},
    volume = {83},
    number = {4},
    pages = {715-726},
    year = {1996},
    month = {12},
    doi = {10.1093/biomet/83.4.715},
}

@article{Hill1982,
 author = {Hill, M. and Dixon, W.J. },
 journal = {Biometrics},
 number = {2},
 pages = {377--396},
 publisher = {[Wiley, International Biometric Society]},
 title = {Robustness in Real Life: A Study of Clinical Laboratory Data},
 volume = {38},
 year = {1982}
}

@article{Liu1995,
title = {Asymptotic Distribution of Statistics Based on Quadratic Entropy and Bootstrapping},
journal = {Journal of Statistical Planning and Inference},
volume = {43},
number = {1},
pages = {1-18},
year = {1995},
doi = {https://doi.org/10.1016/0378-3758(94)00005-G},
author = {Liu, Z.J. and Rao, C.R.},
}

@article{Wald1940,
author = {Wald, A. and Wolfowitz, J.},
title = {{On a Test Whether Two Samples are from the Same Population}},
volume = {11},
journal = {The Annals of Mathematical Statistics},
number = {2},
publisher = {Institute of Mathematical Statistics},
pages = {147 -- 162},
year = {1940},
doi = {10.1214/aoms/1177731909},
}

@article{Szabo2002,
title = {Variable Selection and Pattern Recognition with Gene Expression Data Generated by the Microarray Technology},
journal = {Mathematical Biosciences},
volume = {176},
number = {1},
pages = {71-98},
year = {2002},
issn = {0025-5564},
doi = {https://doi.org/10.1016/S0025-5564(01)00103-1},
author = {A. Szabo and K. Boucher and W.L. Carroll and L.B. Klebanov and A.D. Tsodikov and A.Y. Yakovlev},
}

@article{Mitchell2022,
  title = {Using Kernel-Based Statistical Distance to Study the Dynamics of Charged Particle Beams in Particle-Based Simulation Codes},
  author = {Mitchell, C.E. and Ryne, R.D. and Hwang, K.},
  journal = {Phys. Rev. E},
  volume = {106},
  issue = {6},
  pages = {065302},
  numpages = {17},
  year = {2022},
  month = {Dec},
  publisher = {American Physical Society},
  doi = {10.1103/PhysRevE.106.065302},
}

@article{Kiefer1959,
 author = {J. Kiefer},
 journal = {The Annals of Mathematical Statistics},
 number = {2},
 pages = {420--447},
 publisher = {Institute of Mathematical Statistics},
 title = {K-Sample Analogues of the Kolmogorov-Smirnov and Cramer-V. Mises Tests},
 urldate = {2023-06-06},
 volume = {30},
 year = {1959}
}

@article{Scholz1987,
  title={K-Sample Anderson–Darling Tests},
  author={Scholz, F.-W. and Stephens, M.A.},
  journal={Journal of the American Statistical Association},
  year={1987},
  volume={82},
  pages={918-924}
}

@article{Wolf1973,
 author = {Edward H. Wolf and Joseph I. Naus},
 journal = {Journal of the American Statistical Association},
 number = {344},
 pages = {994--997},
 publisher = {[American Statistical Association, Taylor & Francis, Ltd.]},
 title = {Tables of Critical Values for a k-Sample Kolmogorovb-Smirnov Test Statistic},
 urldate = {2023-06-06},
 volume = {68},
 year = {1973}
}

@article{Zhang2007,
title = {k-Sample Tests Based on the Likelihood Ratio},
journal = {Computational Statistics and Data Analysis},
volume = {51},
number = {9},
pages = {4682-4691},
year = {2007},
issn = {0167-9473},
doi = {https://doi.org/10.1016/j.csda.2006.08.029},
url = {https://www.sciencedirect.com/science/article/pii/S0167947306002891},
author = {Zhang, J. and Wu, Y.},
}

@article{Hukov2008,
  title={Tests for the Multivariate k-Sample Problem Based on the Empirical Characteristic Function},
  author={Huskov{\'a}, M. and Meintanis, S.G.},
  journal={Journal of Nonparametric Statistics},
  year={2008},
  volume={20},
  pages={263 - 277}
}

@article{hlavka2021,
  title={Testing Serial Independence with Functional Data},
  author={Hl{\'a}vka, Z. and Hu{\v{s}}kov{\'a}, M. and Meintanis, S.G.},
  journal={Test},
  volume={30},
  number={3},
  pages={603--629},
  year={2021},
  publisher={Springer}
}

@misc{balogoun2018,
      title={Kernel Based Method for the $k$-Sample Problem}, 
      author={Balogoun, A.S.K. and Nkiet, G.M. and Ogouyandjou, C.},
      year={2018},
      eprint={1812.00100},
      archivePrefix={arXiv},
      primaryClass={math.ST}
}

@misc{harchaoui2008,
      title={Testing for Homogeneity with Kernel Fisher Discriminant Analysis}, 
      author={Harchaoui, Z. and Bach, F. and Moulines, E.},
      year={2008},
      eprint={0804.1026},
      archivePrefix={arXiv},
      primaryClass={stat.ML}
}
@misc{balogoun2022,
      title={A $k$-Sample Test for Functional Data Based on Generalized Maximum Mean Discrepancy}, 
      author={Balogoun, A.S.K. and Nkiet, G.M. and Ogouyandjou, C.},
      year={2022},
      journal = {Lithuanian Mathematical Journal},
	volume = {62},
	pages = {289-303},
	doi = {https://doi.org/10.1007/s10986-022-09572-x},
}

@Manual{penguin-data,
     title = {palmerpenguins: Palmer Archipelago (Antarctica) Penguin Data},
     author = {Horst, A.M. and Hill, A.P. and Gorman, K.B.},
     year = {2020},
     note = {R package version 0.1.0},
     doi = {10.5281/zenodo.3960218},
     url = {https://allisonhorst.github.io/palmerpenguins/},
}

@article{Gorman2014,
    doi = {10.1371/journal.pone.0090081},
    author = {Gorman, K.B. AND Williams, T.D. AND Fraser, W.R.},
    journal = {PLOS ONE},
    publisher = {Public Library of Science},
    title = {Ecological Sexual Dimorphism and Environmental Variability within a Community of Antarctic Penguins (Genus Pygoscelis)},
    year = {2014},
    month = {03},
    volume = {9},
    url = {https://doi.org/10.1371/journal.pone.0090081},
    pages = {1-14},
    number = {3},

}

@article{golzy2020,
  title="Poisson Kernel-Based Clustering on the Sphere: Convergence Properties, Identifiability, and a Method of Sampling",
  author="Golzy, M. and Markatou, M.",
  journal="Journal of Computational and Graphical Statistics",
  volume="29",
  number="4",
  pages="758--770",
  year="2020",
  publisher="Taylor \& Francis"
}


@article{Ding2023,
  title="Poisson Kernel-Based Tests for Uniformity on the $d$-Dimensional Sphere",
  author="Ding, Y. and Markatou, M. and Saraceno, G.",
  journal="Statistica Sinica",
  year="2023",
  doi="doi:10.5705/ss.202022.0347"
}

@misc{markatou2023,
      title={A unified framework for multivariate two-sample and k-sample kernel-based quadratic distance goodness-of-fit tests}, 
      author={Markatou, M. and Saraceno, G.},
      year={2024},
      eprint={2407.16374},
      archivePrefix={arXiv},
      primaryClass={stat.ME},
      url={https://arxiv.org/abs/2407.16374}, 
}

@article{Faraway2019,
  title={{goftest}: Classical Goodness-of-Fit Tests for Univariate Distributions},
  author={Faraway, J. and Marsaglia, G. and Marsaglia, J. and Baddeley, A.},
  journal={R package version},
  pages={1--2},
  year={2019}
}

@article{Gonzalez2017,
  title={{goft}: Tests of Fit for some Probability Distributions},
  author={Gonzalez-Estrada, E. and Villasenor-Alva, J.A.},
  journal={R package version},
  volume={1},
  number={4},
  year={2017}
}

@article{Vasicek1976,
author = {Vasicek, O.},
title = {A Test for Normality Based on Sample Entropy},
journal = {Journal of the Royal Statistical Society: Series B (Methodological)},
volume = {38},
number = {1},
pages = {54-59},
keywords = {entropy estimation, non-parametric tests, tests of goodness of fit, normality tests},
doi = {https://doi.org/10.1111/j.2517-6161.1976.tb01566.x},
year = {1976}
}

@ARTICLE{Song2002,
  author={Song, K.-S.},
  journal={IEEE Transactions on Information Theory}, 
  title={Goodness-of-Fit Tests Based on Kullback-Leibler Discrimination Information}, 
  year={2002},
  volume={48},
  number={5},
  pages={1103-1117},
  doi={10.1109/18.995548}
}

@article{Miecznikowski2013,
 title={{dbEmpLikeGOF}: An {R} Package for Nonparametric Likelihood Ratio Tests for Goodness-of-Fit and Two-Sample Comparisons Based on Sample Entropy},
 volume={54},
 url={https://www.jstatsoft.org/index.php/jss/article/view/v054i03},
 doi={10.18637/jss.v054.i03},
 number={3},
 journal={Journal of Statistical Software},
 author={Miecznikowski, J. and Vexler, A. and Shepherd, L.},
 year={2013},
 pages={1–19}
}

@article{Fan1994, 
 title={Testing the Goodness of Fit of a Parametric Density Function by Kernel Method}, 
 volume={10}, 
 DOI={10.1017/S0266466600008434}, 
 number={2}, 
 journal={Econometric Theory}, 
 publisher={Cambridge University Press}, 
 author={Fan, Y.}, 
 year={1994}, 
 pages={316–356}
}

@article{Cao2005,
author = {Cao, R. and Lugosi, G.},
title = {Goodness-of-Fit Tests Based on the Kernel Density Estimator},
journal = {Scandinavian Journal of Statistics},
volume = {32},
number = {4},
pages = {599-616},
keywords = {bandwidth, goodness-of-fit test, kernel density estimator, smoothing factor selection},
doi = {https://doi.org/10.1111/j.1467-9469.2005.00471.x},
year = {2005}
}

@book{Ramler2008,
  title={Improved Statistical Methods for k-Means Clustering of Noisy and Directional Data},
  author={Ramler, I.P.},
  year={2008},
  publisher={Iowa State University}
}


@article{Maitra2010,
 author = {Maitra, R. and Ramler, I.P.},
 title = {A k-mean-directions Algorithm for Fast Clustering of Data on the Sphere},
 journal = {Journal of Computational and Graphical Statistics},
 volume = {19},
 number = {2},
 pages = {377-396},
 year  = {2010},
 publisher = {Taylor & Francis},
 doi = {10.1198/jcgs.2009.08155},
}

@article{Dhillon2001,
  title={Concept Decompositions for Large Sparse Text Data using Clustering},
  author={Dhillon, I.S. and Modha, D.S.},
  journal={Machine Learning},
  volume={42},
  pages={143--175},
  year={2001},
  publisher={Springer}
}

@INPROCEEDINGS{Zhong2005,
  author={Zhong, S.},
  booktitle={Proceedings. 2005 IEEE International Joint Conference on Neural Networks, 2005.}, 
  title={Efficient online spherical k-means clustering}, 
  year={2005},
  volume={5},
  number={},
  pages={3180-3185 vol. 5},
  doi={10.1109/IJCNN.2005.1556436}
}

@article{Hornik2012,
 title={Spherical k-Means Clustering},
 volume={50},
 doi={10.18637/jss.v050.i10},
 number={10},
 journal={Journal of Statistical Software},
 author={Hornik, K. and Feinerer, I. and Kober, M. and Buchta, C.},
 year={2012},
 pages={1–22}
}

@article{Hornik2014,
 title = "{movMF}: An {R} package for Fitting Mixtures of von Mises-Fisher Distributions.",
 author = "Hornik, K. and Gr{\"u}n, B.",
 year = "2014",
 doi = "10.18637/jss.v058.i10",
 language = "English",
 volume = "58",
 pages = "1 -- 31",
 journal = "Journal of Statistical Software",
 publisher = "University of California at Los Angeles",
 number = "10",
}

@article{Banerjee2003,
  title={Clustering on Hyperspheres using Expectation Maximization},
  author={Banerjee, A. and Dhillon, I.S. and Ghosh, J. and Sra, S.},
  journal={Department of Computer Sciences, University of Texas, Tech. Rep. TR-03-07},
  year={2003}
}

@article{Banerjee2005,
  title={Clustering on the Unit Hypersphere using von Mises-Fisher Distributions.},
  author={Banerjee, A. and Dhillon, I.S. and Ghosh, J. and Sra, S. and Ridgeway, G.},
  journal={Journal of Machine Learning Research},
  volume={6},
  number={9},
  year={2005}
}

@INPROCEEDINGS{Banerjee2002,
  author={Banerjee, A. and Ghosh, J.},
  booktitle={Proceedings of the 2002 International Joint Conference on Neural Networks. IJCNN'02 (Cat. No.02CH37290)}, 
  title={Frequency Sensitive Competitive Learning for Clustering on High-dimensional Hyperspheres}, 
  year={2002},
  volume={2},
  number={},
  pages={1590-1595 vol.2},
  doi={10.1109/IJCNN.2002.1007755}
}

@inproceedings{Ng2001,
 author = {Ng, A. and Jordan, M. and Weiss, Y.},
 booktitle = {Advances in Neural Information Processing Systems},
 editor = {T. Dietterich and S. Becker and Z. Ghahramani},
 pages = {},
 publisher = {MIT Press},
 title = {On Spectral Clustering: Analysis and an Algorithm},
 url = {https://proceedings.neurips.cc/paper_files/paper/2001/file/801272ee79cfde7fa5960571fee36b9b-Paper.pdf},
 volume = {14},
 year = {2001}
}

@inproceedings{Golzy2016,
  title={Algorithms for Clustering on the Sphere: Advances \& applications},
  author={Golzy, M. and Markatou, M. and Shivram, A.},
  booktitle={Proceedings of the World Congress on Engineering and Computer Science},
  volume={1},
  pages={420--425},
  year={2016}
}

@article{Rayleigh1919,
  title="XXXI. On the Problem of Random Vibrations, and of Random Flights in One, Two, or Three Dimensions",
  author="Rayleigh, L.",
  journal="The London, Edinburgh, and Dublin Philosophical Magazine and Journal of Science",
  volume="37",
  number="220",
  pages="321--347",
  year="1919",
  publisher="Taylor \& Francis"
}

@article{Ajne1968,
  title="A Simple Test for Uniformity of a Circular Distribution",
  author="Ajne, B.",
  journal="Biometrika",
  volume="55",
  number="2",
  pages="343--354",
  year="1968",
  publisher="Oxford University Press"
}

@article{Bingham1974,
  title="An Antipodally Symmetric Distribution on the Sphere",
  author="Bingham, C.",
  journal="The Annals of Statistics",
  pages="1201--1225",
  year="1974",
  publisher="JSTOR"
}

@article{Gine1975,
  title="Invariant Tests for Uniformity on Compact Riemannian Manifolds Based on Sobolev Norms",
  author="Gin{\'e}, E.",
  journal="The Annals of Statistics",
  volume="3",
  number="6",
  pages="1243--1266",
  year="1975",
  publisher="Institute of Mathematical Statistics"
}

@article{Dortet2008,
  title="Model-based Clustering on the Unit Sphere with an Illustration using Gene Expression Profiles",
  author="Dortet-Bernadet, J.-L. and Wicker, N.",
  journal="Biostatistics",
  volume="9",
  number="1",
  pages="66--80",
  year="2008",
  publisher="Oxford University Press"
}

@article{Abbas2023,
  title={{robnptests}--An {R} Package for Robust Two-Sample Location and Dispersion Tests},
  author={Abbas, S. and Brune, B. and Fried, R.},
  journal={Journal of Open Source Software},
  volume={8},
  number={82},
  pages={4947},
  year={2023}
}

@article{Rizzo2022,
  title={Package {energy}},
  author={Rizzo, M.L. and Szekely, G.J.},
  year={2022},
  journal={R}
}

@article{Rizzo2016,
author = {Rizzo, M.L. and Székely, G.J.},
title = {Energy Distance},
journal = {WIREs Computational Statistics},
volume = {8},
number = {1},
pages = {27-38},
doi = {https://doi.org/10.1002/wics.1375},
year = {2016}
}


@article{Deprince2008,
author = {DePrince, A.P. and Chu, A.},
title ={Perceived Benefits in Trauma Research: Examining Methodological and Individual Difference Factors in Responses to Research Participation},
journal = {Journal of Empirical Research on Human Research Ethics},
volume = {3},
number = {1},
pages = {35-47},
year = {2008},
}

@article{Li2019,
author = {Li, X. and Yang, Z. and Liu, G. and Ma, Z. and Wang, W.},
title = {Modified Anaerobic Digestion Model No.1 (ADM1) for Modeling Anaerobic Digestion Process at Different Ammonium Concentrations},
journal = {Water Environment Research},
volume = {91},
number = {8},
pages = {700-714},
year = {2019}
}

@article{Giani2022,
author = {Giani, A. and Veronesi, V. and Bertoglio, C.L. and Mazzola, M. and Bernasconi, Davide P. and Grimaldi, S. and Gualtierotti, M. and Magistro, C. and Ferrari, G.},
title = {Multidimensional Evaluation of the Learning curve for Laparoscopic Complete Mesocolic Excision for Right Colon Cancer: a Risk-adjusted Cumulative Summation Analysis},
journal = {Colorectal Disease},
volume = {24},
number = {5},
pages = {577-586},
year = {2022}
}

@Manual{L2gofTest2023,
title = {{L2DensityGoFtest}: Density Goodness-of-Fit Test},
author = {Bagkavos, D.},
year = {2023},
note = {R package version 0.6.0},
url = {https://cran.r-project.org/package=L2DensityGoFtest},
}

@article{Rosembaum2005,
    author = {Rosenbaum, P.R.},
    title = "{An Exact Distribution-Free Test Comparing Two Multivariate Distributions based on Adjacency}",
    journal = {Journal of the Royal Statistical Society Series B: Statistical Methodology},
    volume = {67},
    number = {4},
    pages = {515-530},
    year = {2005},
    month = {08},
    doi = {10.1111/j.1467-9868.2005.00513.x}
}

@article{Harman2010,
title = {On Decompositional Algorithms for Uniform Sampling from n-Spheres and n-Balls},
journal = {Journal of Multivariate Analysis},
volume = {101},
number = {10},
pages = {2297-2304},
year = {2010},
issn = {0047-259X},
doi = {https://doi.org/10.1016/j.jmva.2010.06.002},
author = {Harman, R. and Lacko, V.},
}

@article{Duran2016,
 title={{CircNNTSR}: An {R} Package for the Statistical Analysis of Circular, Multivariate Circular, and Spherical Data Using Nonnegative Trigonometric Sums},
 volume={70},
 doi={10.18637/jss.v070.i06},
 number={6},
 journal={Journal of Statistical Software},
 author={Fernández-Durán, J.J. and Gregorio-Domín\-guez, M.M.},
 year={2016},
 pages={1–19}
}

@article{Jupp2008,
author = {Jupp, P.E.},
title = {{Data-driven Sobolev Tests of Uniformity on Compact Riemannian Manifolds}},
volume = {36},
journal = {The Annals of Statistics},
number = {3},
publisher = {Institute of Mathematical Statistics},
pages = {1246 -- 1260},
keywords = {consistency, directional statistics, Invariance, penalized score test},
year = {2008},
doi = {10.1214/009053607000000541},
URL = {https://doi.org/10.1214/009053607000000541}
}

@article{bogdan2002data,
  title={A Data Driven Smooth Test for Circular Uniformity},
  author={Bogdan, M. and Bogdan, K. and Futschik, A.},
  journal={Annals of the Institute of Statistical Mathematics},
  volume={54},
  pages={29--44},
  year={2002},
  publisher={Springer}
}

@article{cuesta2009projection,
  title={On Projection-based Tests for Directional and Compositional Data},
  author={Cuesta-Albertos, J.A. and Cuevas, A. and Fraiman, R.},
  journal={Statistics and Computing},
  volume={19},
  pages={367--380},
  year={2009},
  publisher={Springer}
}

@Manual{circular,
    title = {{R} package {circular}: Circular Statistics (version 0.5-0)},
    author = {Agostinelli, C. and Lund, U.},
    year = {2023},
    url = {https://CRAN.R-project.org/package=circular},
}

@Manual{Directional,
    title = {{Directional}: A Collection of Functions for Directional Data Analysis},
    author = {Tsagris, M. and Athineou, G. and Adam, C. and Sajib, A. and Amson, E. and Waldstein, M.J.},
    year = {2023},
    note = {R package version 6.2},
    url = {https://CRAN.R-project.org/package=Directional},
}

@Manual{sphunif,
    title = {{sphunif}: Uniformity Tests on the Circle, Sphere, and Hypersphere},
    author = {García-Portugués, E. and Verdebout, T.},
    year = {2023},
    note = {R package version 1.1.0},
    url = {https://CRAN.R-project.org/package=sphunif},
}

@Article{Garcia2018,
    title = {An Overview of Uniformity Tests on the Hypersphere},
    author = {García-Portugués, E. and Verdebout, T.},
    journal = {arXiv:1804.00286},
    year = {2018},
    url = {https://arxiv.org/abs/1804.00286},
}

@article{pewsey2021recent,
  title={Recent Advances in Directional Statistics},
  author={Pewsey, A. and Garc{\'\i}a-Portugu{\'e}s, E.},
  journal={Test},
  volume={30},
  number={1},
  pages={1--58},
  year={2021},
  publisher={Springer}
}

@article{Rizzo2010,
author = {Rizzo, M.L. and Sz{\'e}kely, G.},
title = {{DISCO Analysis: A Nonparametric Extension of Analysis of Variance}},
volume = {4},
journal = {The Annals of Applied Statistics},
number = {2},
publisher = {Institute of Mathematical Statistics},
pages = {1034 -- 1055},
keywords = {DISCO, Distance components, multisample problem, multivariate, nonparametric MANOVA extension, test equal distributions},
year = {2010},
doi = {10.1214/09-AOAS245},
URL = {https://doi.org/10.1214/09-AOAS245}
}

@Manual{kSamples,
    title = {{kSamples}: K-Sample Rank Tests and their Combinations},
    author = {Scholz, F. and Zhu, A.},
    year = {2019},
    note = {R package version 1.2-9},
    url = {https://CRAN.R-project.org/package=kSamples},
}

@article{kruskal1952,
author = {Kruskal, W.H. and Wallis, W.A.},
title = {Use of Ranks in One-Criterion Variance Analysis},
journal = {Journal of the American Statistical Association},
volume = {47},
number = {260},
pages = {583-621},
year = {1952},
publisher = {Taylor & Francis},
doi = {10.1080/01621459.1952.10483441},
}

@book{sidak1999theory,
  title={Theory of Rank Tests},
  author={Sidak, Z. and Sen, P.K. and Hajek, J.},
  year={1999},
  publisher={Elsevier}
}

@Article{Hothorn2006,
title = {A {L}ego System for Conditional Inference},
author = {Hothorn, T. and Hornik, K. and {van de Wiel}, M.A. and Zeileis, A.},
journal = {The American Statistician},
year = {2006},
volume = {60},
number = {3},
pages = {257--263},
doi = {10.1198/000313006X118430},
}

@Article{coin,
title = {Implementing a Class of Permutation Tests: The {coin} Package},
author = {Hothorn, T. and Hornik, K. and {van de Wiel}, M.A. and Zeileis, A.},
journal = {Journal of Statistical Software},
year = {2008},
volume = {28},
number = {8},
pages = {1--23},
doi = {10.18637/jss.v028.i08},
}

@misc{panda2024universallyconsistentksampletests,
      title={Universally Consistent K-Sample Tests via Dependence Measures}, 
      author={S. Panda and C. Shen and R. Perry and J. Zorn and A. Lutz and C.E. Priebe and J.T. Vogelstein},
      year={2024},
      eprint={1910.08883},
      archivePrefix={arXiv},
      primaryClass={stat.ML},
      url={https://arxiv.org/abs/1910.08883}, 
}

@misc{panda2024hyppomultivariatehypothesistesting,
      title={hyppo: A Multivariate Hypothesis Testing Python Package}, 
      author={S. Panda and S. Palaniappan and J. Xiong and E.W. Bridgeford and R. Mehta and C. Shen and J.T. Vogelstein},
      year={2024},
      eprint={1907.02088},
      archivePrefix={arXiv},
      primaryClass={stat.CO},
      url={https://arxiv.org/abs/1907.02088}, 
}

@article{panda2019hyppo,
  title={{hyppo}: A Multivariate Hypothesis Testing {Python} Package},
  author={Panda, S. and Palaniappan, S. and Xiong, J. and Bridgeford, E.W. and Mehta, R. and Shen, C. and Vogelstein, J.T.},
  journal={arXiv preprint arXiv:1907.02088},
  year={2019}
}

@ARTICLE{2020SciPy,
  author  = {Virtanen, P. and Gommers, R. and Oliphant, T.E. and
            Haberland, M. and Reddy, T. and Cournapeau, D. and
            Burovski, E. and Peterson, P. and Weckesser, W. and
            Bright, J. and {van der Walt}, S.J. and
            Brett, M. and Wilson, J. and Millman, K. J. and
            Mayorov, N. and Nelson, A.R.J. and Jones, E. and
            Kern, R. and Larson, E. and Carey, C. J. and
            Polat, {\.I}. and Feng, Y. and Moore, E.W. and
            {VanderPlas}, J. and Laxalde, D. and Perktold, J. and
            Cimrman, R. and Henriksen, I. and Quintero, E. A. and
            Harris, C.R. and Archibald, A.M. and
            Ribeiro, A.H. and Pedregosa, F. and
            {van Mulbregt}, P. and {SciPy 1.0 Contributors}},
  title   = {{SciPy} 1.0: Fundamental Algorithms for Scientific Computing in {Python}},
  journal = {Nature Methods},
  year    = {2020},
  volume  = {17},
  pages   = {261--272},
  doi     = {10.1038/s41592-019-0686-2},
}

@ARTICLE{2020SciPy_etal,
  author  = {Virtanen, P. and Gommers, R. and Oliphant, T.E. and Haberland, M. and Reddy, T. and Cournapeau, D. and et al.},
  title   = {{SciPy} 1.0: Fundamental Algorithms for Scientific Computing in {Python}},
  journal = {Nature Methods},
  year    = {2020},
  volume  = {17},
  pages   = {261--272},
  doi     = {10.1038/s41592-019-0686-2},
}

@article{kato2013,
 author = {Kato, S. and Jones, M.C.},
 journal = {Bernoulli},
 number = {1},
 pages = {154--171},
 publisher = {International Statistical Institute (ISI) and Bernoulli Society for Mathematical Statistics and Probability},
 title = {An extended family of circular distributions related to wrapped Cauchy distributions via Brownian motion},
 urldate = {2023-11-11},
 volume = {19},
 year = {2013}
}

@article{Sablica2023,
author = {Sablica, L. and Hornik, K. and Leydold, J.},
title = {{Efficient sampling from the PKBD distribution}},
volume = {17},
journal = {Electronic Journal of Statistics},
number = {2},
publisher = {Institute of Mathematical Statistics and Bernoulli Society},
pages = {2180 -- 2209},
keywords = {PKBD distribution, Poisson kernel, rejection sampling, sampling, simulation, spherical distributions},
year = {2023},
doi = {10.1214/23-EJS2149},
URL = {https://doi.org/10.1214/23-EJS2149}
}

@incollection{hormann2022,
  title={A Generalized Transformed Density Rejection Algorithm},
  author={H{\"o}rmann, W. and Leydold, J.},
  booktitle={Advances in Modeling and Simulation: Festschrift for Pierre L'Ecuyer},
  pages={283--300},
  year={2022},
  publisher={Springer}
}

@article{botts2013,
  title={Transformed Density Rejection with Inflection Points},
  author={Botts, C. and H{\"o}rmann, W. and Leydold, J.},
  journal={Statistics and Computing},
  volume={23},
  pages={251--260},
  year={2013},
  publisher={Springer}
}

@misc{wireless,
  author       = {Bhatt,R.},
  title        = {{Wireless Indoor Localization}},
  year         = {2017},
  howpublished = {UCI Machine Learning Repository},
  note         = {{DOI}: https://doi.org/10.24432/C51880}
}

@ARTICLE{wang2023,
  author={Wang, X.},
  journal={IEEE Access}, 
  title={The Improvement and Comparison Study of Distance Metrics for Machine Learning Algorithms for Indoor Wi-Fi Localization}, 
  year={2023},
  volume={11},
  number={},
  pages={85513-85524},
  doi={10.1109/ACCESS.2023.3304334}}

@inproceedings{rohra2017,
  title={User localization in an indoor environment using fuzzy hybrid of particle swarm optimization \& gravitational search algorithm with neural networks},
  author={Rohra, J.G. and Perumal, B. and Narayanan, S.J. and Thakur, P. and Bhatt, R.B.},
  booktitle={Proceedings of Sixth International Conference on Soft Computing for Problem Solving: SocProS 2016, Volume 1},
  pages={286--295},
  year={2017},
  organization={Springer}
}

@article{Kapp2006,
    author = {Kapp, A.V. and Tibshirani, R.},
    title = "{Are clusters found in one dataset present in another dataset?}",
    journal = {Biostatistics},
    volume = {8},
    number = {1},
    pages = {9-31},
    year = {2006},
    month = {04},
    issn = {1465-4644},
    doi = {10.1093/biostatistics/kxj029}
}

@article{markatou2021,
author = {Markatou, M. and Karlis, D. and Ding, Y.},
title = {Distance-Based Statistical Inference},
journal = {Annual Review of Statistics and Its Application},
volume = {8},
number = {1},
pages = {301-327},
year = {2021},
doi = {10.1146/annurev-statistics-031219-041228},
}

@Inbook{Markatou2017,
author="Markatou, M. and Chen, Y. and Afendras, G. and Lindsay, B.G.",
editor="Chen, Ding-Geng and Jin, Zhezhen
and Li, Gang and Li, Yi and Liu, Aiyi and Zhao, Yichuan",
title="Statistical Distances and Their Role in Robustness",
bookTitle="New Advances in Statistics and Data Science",
year="2017",
publisher="Springer International Publishing",
address="Cham",
pages="3--26",
isbn="978-3-319-69416-0",
doi="10.1007/978-3-319-69416-0_1",
url="https://doi.org/10.1007/978-3-319-69416-0_1"
}

@article{yao_wang_2021,
    author = {Yao, Y. and Wang, H.},
    title = {A Review on Optimal Subsampling Methods for Massive Datasets},
    journal = {Journal of Data Science},
    volume = {19},
    number = {1},
    year = {2021},
    pages = {151--172},
    doi = {10.6339/21-JDS999},
    issn = {1680-743X},
    publisher = {School of Statistics, Renmin University of China}
}

@book{politis2012subsampling,
  title={Subsampling},
  author={Politis, D.N. and Romano, J.P. and Wolf, M.},
  year={2012},
  publisher={Springer Science \& Business Media}
}

@article{KIM2020,
title = {Improving spherical k-means for document clustering: Fast initialization, sparse centroid projection, and efficient cluster labeling},
journal = {Expert Systems with Applications},
volume = {150},
pages = {113288},
year = {2020},
issn = {0957-4174},
doi = {https://doi.org/10.1016/j.eswa.2020.113288},
url = {https://www.sciencedirect.com/science/article/pii/S0957417420301135},
author = {Hyunjoong, K. and Han, K.K. and Sungzoon, C.}
}

@article{HACIHABIBOGLU2023,
title = {{sphstat}: A {Python} package for inferential statistics on vectorial data on the unit sphere},
journal = {SoftwareX},
volume = {24},
pages = {101514},
year = {2023},
issn = {2352-7110},
doi = {https://doi.org/10.1016/j.softx.2023.101514},
url = {https://www.sciencedirect.com/science/article/pii/S2352711023002108},
author = {Hacıhabiboğlu, H.},
}

@misc{tsagris2024directionaldataanalysisusing,
      title={Directional data analysis using the spherical Cauchy and the Poisson-kernel based distribution}, 
      author={M. Tsagris},
      year={2024},
      eprint={2409.03292},
      archivePrefix={arXiv},
      primaryClass={stat.ME},
      url={https://arxiv.org/abs/2409.03292}, 
}

@article{golzy2023,
    author = {Golzy, M. and Rosenb, G.H. and Krusec, R.L. and Hooshmandd, K. and Mehrc, D.R. and Murrayb, K.S.},
    title = {Holistic Assessment of Quality of Life Predicts Survival in Older Patients with Bladder Cancer},
    journal = {Oncology},
    year = {2023},
    volume = {17},
    pages = {141-149},
    doi = {10.1016/j.urology.2022.12.036}
}

@INPROCEEDINGS{strelnikoff2020,
  author={Strelnikoff, S. and Jammalamadaka, A. and Warmsley, D.},
  booktitle={2020 IEEE International Conference on Big Data (Big Data)}, 
  title={Causal Maps for Multi-Document Summarization}, 
  year={2020},
  volume={},
  number={},
  pages={4437-4445},
  doi={10.1109/BigData50022.2020.9377731}
}

@misc{strelnikoff2024method,
  title={Method and system for event prediction via causal map generation and visualization},
  author={Strelnikoff, Sasha and Jammalamadaka, Aruna and Warmsley, Dana M},
  year={2024},
  publisher={Google Patents},
  note={ US Patent 11,907,307}
}

@article{Birchsets,
    author = {T. Zhang and R. Ramakrishnan and M. Livny},
    title = {{BIRCH: A new data clustering algorithm and its applications}},
    journal = {Data Mining and Knowledge Discovery},
    year = {1997},
    volume = {1},
    number = {2},
    pages = {141--182}
}

@article{scikit-learn,
  title={Scikit-learn: Machine Learning in {P}ython},
  author={Pedregosa, F. and Varoquaux, G. and Gramfort, A. and Michel, V.
          and Thirion, B. and Grisel, O. and Blondel, M. and Prettenhofer, P.
          and Weiss, R. and Dubourg, V. and Vanderplas, J. and Passos, A. and
          Cournapeau, D. and Brucher, M. and Perrot, M. and Duchesnay, E.},
  journal={Journal of Machine Learning Research},
  volume={12},
  pages={2825--2830},
  year={2011}
}

@inproceedings{muennighoff-etal-2023-mteb,
    title = "{MTEB}: Massive Text Embedding Benchmark",
    author = "Muennighoff, Niklas  and
      Tazi, Nouamane  and
      Magne, Loic  and
      Reimers, Nils",
    editor = "Vlachos, Andreas  and
      Augenstein, Isabelle",
    booktitle = "Proceedings of the 17th Conference of the European Chapter of the Association for Computational Linguistics",
    month = may,
    year = "2023",
    address = "Dubrovnik, Croatia",
    publisher = "Association for Computational Linguistics",
    url = "https://aclanthology.org/2023.eacl-main.148/",
    doi = "10.18653/v1/2023.eacl-main.148",
    pages = "2014--2037",
    abstract = "Text embeddings are commonly evaluated on a small set of datasets from a single task not covering their possible applications to other tasks. It is unclear whether state-of-the-art embeddings on semantic textual similarity (STS) can be equally well applied to other tasks like clustering or reranking. This makes progress in the field difficult to track, as various models are constantly being proposed without proper evaluation. To solve this problem, we introduce the Massive Text Embedding Benchmark (MTEB). MTEB spans 8 embedding tasks covering a total of 58 datasets and 112 languages. Through the benchmarking of 33 models on MTEB, we establish the most comprehensive benchmark of text embeddings todate. We find that no particular text embedding method dominates across all tasks. This suggests that the field has yet to converge on a universal text embedding method and scale it up sufficiently to provide state-of-theart results on all embedding tasks. MTEB comes with open-source code and a public leaderboard at \url{https://github.com/embeddings-benchmark/mteb}."
}

@ARTICLE{8675939,
  author={He, Jun and Wang, Liqun and Liu, Liu and Feng, Jiao and Wu, Hao},
  journal={IEEE Access}, 
  title={Long Document Classification From Local Word Glimpses via Recurrent Attention Learning}, 
  year={2019},
  volume={7},
  number={},
  pages={40707-40718},
  keywords={Feature extraction;Task analysis;Deep learning;Recurrent neural networks;Convolutional neural networks;Social networking (online);Support vector machines;Document classification;deep learning;reinforcement learning;recurrent attention learning},
  doi={10.1109/ACCESS.2019.2907992}}


@mastersthesis{kaynak1995methods,
  title={Methods of combining multiple classifiers and their application to handwritten digit recognition},
  author={Kaynak, Cenk},
  year={1995},
  school={Fen Bilimleri Enstit{\"u}s{\"u}}
}

@misc{Vectorem72:online,
author = {OpenAI},
  title = {{Vector Embeddings - OpenAI API}},
  url = "https://platform.openai.com/docs/guides/embeddings/",
month = {},
year = {2025},
  note = "[Online; accessed 2025-03-01]"
}